<?xml version="1.0" encoding="UTF-8"?><record xmlns="http://www.loc.gov/MARC21/slim" xmlns:cinclude="http://apache.org/cocoon/include/1.0" xmlns:zs="http://www.loc.gov/zing/srw/">
  <leader>00456cz  a2200145n  4500</leader>
  <controlfield tag="001">n  99028666 </controlfield>
  <controlfield tag="003">DLC</controlfield>
  <controlfield tag="005">20130315104438.0</controlfield>
  <controlfield tag="008">990412n| azannaabn          |a aaa      </controlfield>
  <datafield tag="010" ind1=" " ind2=" ">
    <subfield code="a">n  99028666 </subfield>
  </datafield>
  <datafield tag="040" ind1=" " ind2=" ">
    <subfield code="a">DLC</subfield>
    <subfield code="b">eng</subfield>
    <subfield code="e">rda</subfield>
    <subfield code="c">DLC</subfield>
    <subfield code="d">DLC</subfield>
  </datafield>
  <datafield tag="046" ind1=" " ind2=" ">
    <subfield code="g">1983</subfield>
  </datafield>
  <datafield tag="100" ind1="1" ind2=" ">
    <subfield code="a">Delpiano, Cesare,</subfield>
    <subfield code="d">-1983</subfield>
  </datafield>
  <datafield tag="400" ind1="1" ind2=" ">
    <subfield code="w">nnea</subfield>
    <subfield code="a">Delpiano, Cesare,</subfield>
    <subfield code="d">d. 1983</subfield>
  </datafield>
  <datafield tag="670" ind1=" " ind2=" ">
    <subfield code="a">Cesare Delpiano e la missione incompiuta, c1997:</subfield>
    <subfield code="b">p. 9 (trade-union leader) p. 326-327 (d. Verona, 02/25/1983)</subfield>
  </datafield>
</record>